%% This BibTeX bibliography file was created using BibDesk.
%% http://bibdesk.sourceforge.net/

%% Created for James Shaw at 2018-04-10 16:09:27 +0100 


%% Saved with string encoding Unicode (UTF-8) 



@book{feynman2010quantum,
	Author = {Feynman, Richard P and Hibbs, Albert R and Styer, Daniel F},
	Date-Added = {2018-04-10 15:08:17 +0000},
	Date-Modified = {2018-04-10 15:08:17 +0000},
	Publisher = {Courier Corporation},
	Title = {Quantum mechanics and path integrals},
	Year = {2010}}
